% This file was created with JabRef 2.10.
% Encoding: UTF-8


@Article{c20,
  Title                    = {Wearable organic optoelectronic sensors for medicine},
  Author                   = {A. K. Bansal, S. Hou, O. Kulyk, E. M. Bowman, and I. D. W. Samuel},
  Journal                  = {Advanced Materials},
  Year                     = {2014},
  Note                     = {[Online]. Available: http://dx.doi.org/10.1002/adma.201403560},

  Owner                    = {test},
  Timestamp                = {2019.05.04}
}

@Conference{c17,
  Title                    = {A multi-sensor armband based on muscle and motion measurements},
  Author                   = {J. Cannan and H. Hu},
  Booktitle                = {Robotics and Biomimetics (ROBIO), 2012 IEEE International Conference},
  Year                     = {Dec 2012},
  Pages                    = {1098-1103},

  Owner                    = {test},
  Timestamp                = {2019.05.04}
}

@Article{c18,
  Title                    = {An electrooptical muscle contraction sensor},
  Author                   = {A. Chianura and M. E. Giardini},
  Journal                  = {Medical \& biological engineering \& computing},
  Year                     = {2010},
  Number                   = {7},
  Pages                    = {731-734},
  Volume                   = {48},

  Owner                    = {test},
  Timestamp                = {2019.05.04}
}

@Booklet{c7,
  Title                    = {A designer’s guide to instrumentation amplifiers. chap. 1},
  Author                   = {L. Couts},
  Year                     = {2006},

  Owner                    = {test},
  Timestamp                = {2019.05.04}
}

@Article{c12,
  Title                    = {Implementation of a real-time human movement classifier using a triaxial accelerometer for ambulatory monitoring},
  Author                   = {D. Karantonis, M. Narayanan, M. Mathie, N. Lovell, and B. Celler},
  Journal                  = {Information Technology in Biomedicine, IEEE Transactions},
  Year                     = {Jan 2006},
  Number                   = {1},
  Pages                    = {156-167},
  Volume                   = {10},

  Owner                    = {test},
  Timestamp                = {2019.05.04}
}

@Conference{c13,
  Title                    = {Improving accuracy and practicality of accelerometer-based hand gesture recognition},
  Author                   = {D. Mace, W. Gao, and A. K. Coskun},
  Booktitle                = {2nd Workshop on Interacting with Smart Objects, in conjunction with the ACM International Conference on Intelligent User Interfaces (IUI). Citeseer},
  Year                     = {2013},

  Owner                    = {test},
  Timestamp                = {2019.05.04}
}

@Article{c25,
  Title                    = {Compensation of magnetic disturbances improves inertial and magnetic sensing of human body segment orientation},
  Author                   = {D. Roetenberg, H. J. Luinge, C. T. Baten, and P. H. Veltink},
  Journal                  = {Neural Systems and Rehabilitation Engineering, IEEE Transactions},
  Year                     = {2005},
  Number                   = {3},
  Pages                    = {395-405},
  Volume                   = {13},

  Owner                    = {test},
  Timestamp                = {2019.05.04}
}

@Conference{c19,
  Title                    = {Novel muscle activation sensors for estimating of upper limb motion intention},
  Author                   = {H. Han and J. Kim},
  Booktitle                = {Engineering in Medicine and Biology Society, 2009. EMBC 2009. Annual International Conference of the IEEE},
  Year                     = {Sept 2009},
  Pages                    = {3767–3770},

  Owner                    = {test},
  Timestamp                = {2019.05.04}
}

@Article{c4,
  Title                    = {“Accelerometer-based gesture control for a design environment},
  Author                   = {J. Kela, P. Korpip¨a¨a, J. M¨antyj¨arvi, S. Kallio, G. Savino, L. Jozzo, and D. Marca,},
  Journal                  = {Personal Ubiquitous Comput.},
  Year                     = {Jul. 2006},
  Note                     = {[Online]. Available: http://dx.doi.org/10.1007/s00779-005-0033-8},
  Number                   = {5},
  Pages                    = {285-299},
  Volume                   = {10},

  Owner                    = {test},
  Timestamp                = {2019.05.04}
}

@Conference{c23,
  Title                    = {Comparison between red, green and blue light reflection photoplethysmography for heart rate monitoring during motion},
  Author                   = {J. Lee, K. Matsumura, K.-I. Yamakoshi, P. Rolfe, S. Tanaka, and T. Yamakoshi},
  Booktitle                = {Engineering in Medicine and Biology Society (EMBC), 2013 35th Annual International Conference of the IEEE},
  Year                     = {July 2013},
  Pages                    = {1724-1727},

  Owner                    = {test},
  Timestamp                = {2019.05.04}
}

@Article{c14,
  Title                    = {uWave: Accelerometer-based personalized gesture recognition and its applications},
  Author                   = {J. Liu, L. Zhong, J. Wickramasuriya, and V. Vasudevan},
  Journal                  = {Pervasive and Mobile Computing},
  Year                     = {2009, perCom 2009},
  Note                     = {[Online]. Available:http://www.sciencedirect.com/science/article/pii/S1574119209000674},
  Number                   = {6},
  Pages                    = {657-675},
  Volume                   = {5},

  Owner                    = {test},
  Timestamp                = {2019.05.04}
}

@Article{c8,
  Title                    = {The ABC of EMG},
  Author                   = {P. Konrad},
  Journal                  = {A practical introduction to kinesiological electromyography},
  Year                     = {2005},
  Volume                   = {1},

  Owner                    = {test},
  Timestamp                = {2019.05.04}
}

@Article{c3,
  Title                    = {Gesture recognition: A survey},
  Author                   = {S. Mitra and T. Acharya},
  Journal                  = {Systems, Man, and Cybernetics, Part C: Applications and Reviews, IEEE Transactions},
  Year                     = {May 2007},
  Number                   = {3},
  Pages                    = {311-324},
  Volume                   = {37},

  Owner                    = {test},
  Timestamp                = {2019.05.04}
}

@Conference{c2,
  Title                    = {GestureWrist and GesturePad: unobtrusive wearable interaction devices},
  Author                   = {J. Rekimoto},
  Booktitle                = {Wearable Computers, 2001. Proceedings. Fifth International Symposium},
  Year                     = {2001},
  Pages                    = {21-27},

  Owner                    = {test},
  Timestamp                = {2019.05.04}
}

@Article{c11,
  Title                    = {Dynamic programming algorithm optimization for spoken word recognition},
  Author                   = {H. Sakoe and S. Chiba},
  Journal                  = {Acoustics, Speech and Signal Processing, IEEE Transactions},
  Year                     = {Feb 1978},
  Number                   = {1},
  Pages                    = {43-49},
  Volume                   = {26},

  Owner                    = {test},
  Timestamp                = {2019.05.04}
}

@Article{c9,
  Title                    = {Signal processing methods for pulse oximetry},
  Author                   = {T. Rusch, R. Sankar, and J. Scharf},
  Journal                  = {Computers in Biology and Medicine},
  Year                     = {1996},
  Note                     = {[Online]. Available: http://www.sciencedirect.com/science/article/pii/0010482595000496},
  Number                   = {2},
  Pages                    = {143-159},
  Volume                   = {26},

  Owner                    = {test},
  Timestamp                = {2019.05.04}
}

@Article{c1,
  Title                    = {The gesture pendant: a self-illuminating, wearable, infrared computer vision system for home automation control and medical monitoring},
  Author                   = {T. Starner, J. Auxier, D. Ashbrook, and M. Gandy},
  Journal                  = {Wearable Computers, The Fourth International Symposium},
  Year                     = {Oct 2000},
  Pages                    = {87-94},

  Owner                    = {test},
  Timestamp                = {2019.05.04}
}

@Article{c16,
  Title                    = {Hand gesture recognition and virtual game control based on 3D accelerometer and EMG sensors},
  Author                   = {X. Zhang, X. Chen, W.-h. Wang, J.-h. Yang, V. Lantz, and K.-q. Wang},
  Journal                  = {Proceedings of the 14th International Conference on Intelligent User Interfaces, ser. IUI ’09. New York, NY, USA: ACM},
  Year                     = {2009},
  Note                     = {[Online]. Available:http://doi.acm.org/10.1145/1502650.1502708},
  Pages                    = {401-406},

  Owner                    = {test},
  Timestamp                = {2019.05.04}
}

@Article{c15,
  Title                    = {A framework for hand gesture recognition based on accelerometer and emg sensors},
  Author                   = {X. Zhang, X. Chen, Y. Li, V. Lantz, K. Wang, and J. Yang},
  Journal                  = {Systems, Man and Cybernetics, Part A: Systems and Humans, IEEE Transactions},
  Year                     = {Nov 2011},
  Number                   = {6},
  Pages                    = {1064-1076},
  Volume                   = {41},

  Owner                    = {test},
  Timestamp                = {2019.05.04}
}

@Booklet{c10,
  Title                    = {COBP photo reflector with RED and IR LED},
  Note                     = {http://www.njr.com/semicon/products/NJL5501R.html},

  Owner                    = {test},
  Timestamp                = {2019.05.04}
}

@Booklet{c21,
  Title                    = {Pulse Sensor},
  Note                     = {http://pulsesensor.com},

  Owner                    = {test},
  Timestamp                = {2019.05.04}
}

@Booklet{c22,
  Title                    = {Programmable current source LT3092},
  Note                     = {http://www.linear.com/product/LT3092},

  Owner                    = {test},
  Timestamp                = {2019.05.04}
}

@Booklet{c24,
  Title                    = {MPU9250 motion sensor},
  Note                     = {http://www.invensense.com/mems/gyro/mpu9250.html},

  Owner                    = {test},
  Timestamp                = {2019.05.04}
}

@Booklet{c26,
  Title                    = {Bluetooth Low Energy software stack},
  Note                     = {http://www.ti.com/tool/ble-stack},

  Owner                    = {test},
  Timestamp                = {2019.05.04}
}

@Booklet{c5,
  Title                    = {TI Chronos Watch},
  Note                     = {http://www.ti.com/tool/ez430-chronos},

  Owner                    = {test},
  Timestamp                = {2019.05.04}
}

@Booklet{c6,
  Title                    = {Wrist based HRM Reference Design},
  Note                     = {http://www.ti.com/lit/ug/tidu125/tidu125.pdf},

  Owner                    = {test},
  Timestamp                = {2019.05.04}
}

